!Account
NThomas - Banque CC
^
!Type:Bank
D22/01/2011
T0,00
CX
POpening Balance
L[Thomas - Banque CC]
^
D22/01/2011
MP
T200,00
PVIREMENT
L(NULL)
^
D27/09/2011
MP
T-29,00
PCAFFE
L(NULL)
^
D30/09/2011
MP
T-27,40
PSWEETY
L(NULL)
^
D03/10/2011
MP
T-60,10
PPHARMACIE
L(NULL)
^
D08/10/2011
MP
T-22,20
PBOULANGERIE
L(NULL)
^
D07/10/2011
MP
T-29,20
PMAY
L(NULL)
^
D08/10/2011
MP
T-225,23
PCELIO
L(NULL)
^
D24/10/2011
MP
T-110,95
PCELIO
LSoins : Habillement
^
D20/10/2011
MP
T-224,61
PAUCHAN
LAlimentation : Supermarché
^
D22/10/2011
MP
T-50,00
PRETRAIT DAB
L(NULL)
^
D22/10/2011
MP
T-30,70
PSARL
L(NULL)
^
D22/10/2011
MP
T-80,65
PBEAUTEE
LSoins : Coiffeur
^
D31/10/2011
MP
T-12,60
PSARL
L(NULL)
^
D01/11/2011
MP
T-10,10
PALIM DIAGONAL
L(NULL)
^
D28/10/2011
MP
T-18,44
PALIM DIAGONAL
L(NULL)
^
D25/10/2011
MP
T-93,70
PTOUR DE CHINE
LAlimentation : Restaurant
^
D01/11/2011
MP
T-78,30
PAU BOIS
L(NULL)
^
D29/10/2011
MP
T-227,85
PAUCHAN
L(NULL)
^
D26/10/2011
MP
T-55,50
PCOIFFUR
LSoins : Coiffeur
^
D22/10/2011
MP
T-201,15
PLA CABANE
L(NULL)
^
D24/10/2011
MP
T-37,48
PAUCHAN
LAlimentation : Supermarché
^
D24/10/2011
MP
T-82,94
PMARIONNAU
L(NULL)
^
D24/10/2011
MP
T-3,98
PKIABI
LSoins : Habillement
^
D01/11/2011
MP
T-30,00
PVIREMENT
L(NULL)
^
D01/11/2011
MP
T-3 000,00
PVIREMENT
L(NULL)
^
D01/11/2011
MP
T-150,00
PVIREMENT
L(NULL)
^
D08/01/2011
MP
T-30,00
PVIREMENT
L(NULL)
^
D08/01/2011
MP
T-360,00
PVIREMENT
L(NULL)
^
D12/01/2011
MP
T-36,45
PSFR MOBILE
L(NULL)
^
D17/01/2011
MP
T-59,00
PTRESOR PUBLIC
L(NULL)
^
D31/12/2010
MP
T-30,00
PRETRAIT DAB
L(NULL)
^
D31/12/2010
MP
T-254,58
PAUCHAN
LAlimentation : Supermarché
^
D03/01/2011
MP
T-13,20
PDIMN
L(NULL)
^
D07/01/2011
MP
T-228,56
PAUCHAN
LAlimentation : Supermarché
^
D14/01/2011
MP
T-161,67
PAUCHAN
LAlimentation : Supermarché
^
D16/01/2011
MP
T-21,00
PCINEMA IDF
L(NULL)
^
D21/01/2011
MP
T-291,29
PAUCHAN
LAlimentation : Supermarché
^
D22/01/2011
MP
T-669,00
PDARTY
LLogement : Electroménager
^
D22/01/2011
MP
T-60,96
PAU BOIS
LAlimentation : Bar
^
D28/01/2011
MP
T-291,45
PAUCHAN
LAlimentation : Supermarché
^
D04/01/2011
MP
T-10,17
PCOTISATION
LFrais financiers : Frais bancaires
^
D19/02/2011
MP
T-50,00
PVIREMENT
L(NULL)
^
D24/02/2011
MP
T-50,00
PVIREMENT
L(NULL)
^
D03/02/2011
MP
T-29,89
PSFR MOBILE
L(NULL)
^
D03/02/2011
MP
T-29,89
PSFR MOBILE
L(NULL)
^
D17/01/2011
MP
T-305,00
PTRESOR PUBLIC
L(NULL)
^
D04/02/2011
MP
T-239,83
PAUCHAN
LAlimentation : Supermarché
^
D05/02/2011
MP
T-38,16
PPHARMACIE
L(NULL)
^
D09/02/2011
MP
T-198,50
PSNCF
L(NULL)
^
D11/02/2011
MP
T-617,66
PSHELL
LAutomobile : Entretien
^
D06/03/2011
MP
T-50,00
PVIREMENT
L(NULL)
^
D06/03/2011
MP
T-150,00
PVIREMENT
L(NULL)
^
D03/03/2011
MP
T-29,71
PSFR MOBILE
L(NULL)
^
D03/03/2011
MP
T-29,71
PSFR MOBILE
L(NULL)
^
